<record><leader>00000cas a22000007a 4500</leader><controlfield tag="001">8805125</controlfield><controlfield tag="008">820924d185018uugauwr ne      0    0eng  </controlfield><datafield ind1=" " ind2=" " tag="010"><subfield code="a">sn 82015296 </subfield></datafield><datafield ind1=" " ind2=" " tag="040"><subfield code="a">DLC</subfield><subfield code="b">eng</subfield><subfield code="c">DLC</subfield><subfield code="d">NPX</subfield><subfield code="d">DLC</subfield><subfield code="d">NLG</subfield><subfield code="d">GUA</subfield><subfield code="d">OCLCO</subfield><subfield code="d">OCLCF</subfield></datafield><datafield ind1=" " ind2=" " tag="019"><subfield code="a">210670418</subfield></datafield><datafield ind1="1" ind2=" " tag="029"><subfield code="a">AU@</subfield><subfield code="b">000025828962</subfield></datafield><datafield ind1=" " ind2=" " tag="042"><subfield code="a">msc</subfield></datafield><datafield ind1=" " ind2=" " tag="043"><subfield code="a">n-us-ga</subfield></datafield><datafield ind1="0" ind2="0" tag="050"><subfield code="a">Newspaper 7488-X</subfield></datafield><datafield ind1="0" ind2=" " tag="130"><subfield code="a">Southern sentinel (Columbus, Ga.)</subfield></datafield><datafield ind1="0" ind2="4" tag="245"><subfield code="a">The Southern sentinel.</subfield></datafield><datafield ind1=" " ind2=" " tag="260"><subfield code="a">Columbus, Ga. :</subfield><subfield code="b">Wm. H. Chambers,</subfield><subfield code="c">1850-</subfield></datafield><datafield ind1=" " ind2=" " tag="300"><subfield code="a">v. ;</subfield><subfield code="c">68 cm.</subfield></datafield><datafield ind1=" " ind2=" " tag="310"><subfield code="a">Weekly</subfield></datafield><datafield ind1="0" ind2=" " tag="362"><subfield code="a">Vol. 1, no. 1 (Jan. 3, 1850)-</subfield></datafield><datafield ind1=" " ind2=" " tag="530"><subfield code="a">Also on microfilm: Athens, Ga. : University of Georgia Libraries.</subfield></datafield><datafield ind1=" " ind2=" " tag="580"><subfield code="a">Merged with: Columbus times (Columbus, Ga. : 1841), to form: Weekly times &amp; sentinel; and with: Tri-weekly Columbus times, to form: Tri-weekly times and sentinel.</subfield></datafield><datafield ind1=" " ind2="0" tag="651"><subfield code="a">Columbus (Ga.)</subfield><subfield code="v">Newspapers.</subfield></datafield><datafield ind1=" " ind2="0" tag="651"><subfield code="a">Muscogee County (Ga.)</subfield><subfield code="v">Newspapers.</subfield></datafield><datafield ind1=" " ind2="7" tag="651"><subfield code="a">Georgia</subfield><subfield code="z">Columbus.</subfield><subfield code="2">fast</subfield><subfield code="0">(OCoLC)fst01214575</subfield></datafield><datafield ind1=" " ind2="7" tag="651"><subfield code="a">Georgia</subfield><subfield code="z">Muscogee County.</subfield><subfield code="2">fast</subfield><subfield code="0">(OCoLC)fst01216552</subfield></datafield><datafield ind1=" " ind2="7" tag="655"><subfield code="a">Newspapers.</subfield><subfield code="2">fast</subfield><subfield code="0">(OCoLC)fst01423814</subfield></datafield><datafield ind1=" " ind2=" " tag="752"><subfield code="a">United States</subfield><subfield code="b">Georgia</subfield><subfield code="c">Muscogee</subfield><subfield code="d">Columbus.</subfield></datafield><datafield ind1="0" ind2="0" tag="780"><subfield code="t">Muscogee democrat (Columbus, Ga.)</subfield><subfield code="w">(DLC)sn 90052356</subfield><subfield code="w">(OCoLC)21583156</subfield></datafield><datafield ind1="1" ind2="7" tag="785"><subfield code="t">Columbus times (Columbus, Ga. : 1841)</subfield><subfield code="w">(DLC)sn 82014935</subfield><subfield code="w">(OCoLC)8805118</subfield></datafield><datafield ind1="1" ind2="7" tag="785"><subfield code="t">Weekly times &amp; sentinel</subfield><subfield code="w">(DLC)sn 86053045</subfield><subfield code="w">(OCoLC)13035609</subfield></datafield><datafield ind1="1" ind2="7" tag="785"><subfield code="t">Tri-weekly Columbus times</subfield><subfield code="w">(DLC)sn 86053046</subfield><subfield code="w">(OCoLC)13035684</subfield></datafield><datafield ind1="1" ind2="7" tag="785"><subfield code="t">Tri-weekly times and sentinel</subfield><subfield code="w">(DLC)sn 89053814</subfield><subfield code="w">(OCoLC)21583961</subfield></datafield></record>